%YAML 1.1
%TAG !u! tag:unity3d.com,2011:
--- !u!1001 &100100000
Prefab:
  m_ObjectHideFlags: 1
  serializedVersion: 2
  m_Modification:
    m_TransformParent: {fileID: 0}
    m_Modifications: []
    m_RemovedComponents: []
  m_ParentPrefab: {fileID: 0}
  m_RootGameObject: {fileID: 1285562875036430}
  m_IsPrefabParent: 1
--- !u!1 &1025247972206442
GameObject:
  m_ObjectHideFlags: 0
  m_PrefabParentObject: {fileID: 0}
  m_PrefabInternal: {fileID: 100100000}
  serializedVersion: 5
  m_Component:
  - component: {fileID: 4843088706448294}
  - component: {fileID: 20535316398124566}
  - component: {fileID: 124013571169293154}
  - component: {fileID: 92770436120484594}
  m_Layer: 0
  m_Name: MiniMapCam
  m_TagString: MiniMapCam
  m_Icon: {fileID: 0}
  m_NavMeshLayer: 0
  m_StaticEditorFlags: 0
  m_IsActive: 1
--- !u!1 &1029104704597394
GameObject:
  m_ObjectHideFlags: 1
  m_PrefabParentObject: {fileID: 0}
  m_PrefabInternal: {fileID: 100100000}
  serializedVersion: 5
  m_Component:
  - component: {fileID: 4528194749338806}
  m_Layer: 0
  m_Name: mixamorig:RightHandIndex2
  m_TagString: Untagged
  m_Icon: {fileID: 0}
  m_NavMeshLayer: 0
  m_StaticEditorFlags: 0
  m_IsActive: 1
--- !u!1 &1055392615975480
GameObject:
  m_ObjectHideFlags: 1
  m_PrefabParentObject: {fileID: 0}
  m_PrefabInternal: {fileID: 100100000}
  serializedVersion: 5
  m_Component:
  - component: {fileID: 4027330825030902}
  m_Layer: 0
  m_Name: mixamorig:RightShoulder
  m_TagString: Untagged
  m_Icon: {fileID: 0}
  m_NavMeshLayer: 0
  m_StaticEditorFlags: 0
  m_IsActive: 1
--- !u!1 &1076887787293250
GameObject:
  m_ObjectHideFlags: 1
  m_PrefabParentObject: {fileID: 0}
  m_PrefabInternal: {fileID: 100100000}
  serializedVersion: 5
  m_Component:
  - component: {fileID: 4587463675097980}
  m_Layer: 0
  m_Name: mixamorig:LeftHandIndex1
  m_TagString: Untagged
  m_Icon: {fileID: 0}
  m_NavMeshLayer: 0
  m_StaticEditorFlags: 0
  m_IsActive: 1
--- !u!1 &1089702186541054
GameObject:
  m_ObjectHideFlags: 1
  m_PrefabParentObject: {fileID: 0}
  m_PrefabInternal: {fileID: 100100000}
  serializedVersion: 5
  m_Component:
  - component: {fileID: 4700545333958278}
  m_Layer: 0
  m_Name: mixamorig:Spine1
  m_TagString: Untagged
  m_Icon: {fileID: 0}
  m_NavMeshLayer: 0
  m_StaticEditorFlags: 0
  m_IsActive: 1
--- !u!1 &1100013942688338
GameObject:
  m_ObjectHideFlags: 1
  m_PrefabParentObject: {fileID: 0}
  m_PrefabInternal: {fileID: 100100000}
  serializedVersion: 5
  m_Component:
  - component: {fileID: 4813652104326608}
  m_Layer: 0
  m_Name: mixamorig:HeadTop_End
  m_TagString: Untagged
  m_Icon: {fileID: 0}
  m_NavMeshLayer: 0
  m_StaticEditorFlags: 0
  m_IsActive: 1
--- !u!1 &1100035082334986
GameObject:
  m_ObjectHideFlags: 1
  m_PrefabParentObject: {fileID: 0}
  m_PrefabInternal: {fileID: 100100000}
  serializedVersion: 5
  m_Component:
  - component: {fileID: 4111267492964750}
  m_Layer: 0
  m_Name: mixamorig:LeftHand
  m_TagString: Untagged
  m_Icon: {fileID: 0}
  m_NavMeshLayer: 0
  m_StaticEditorFlags: 0
  m_IsActive: 1
--- !u!1 &1127921863438148
GameObject:
  m_ObjectHideFlags: 1
  m_PrefabParentObject: {fileID: 0}
  m_PrefabInternal: {fileID: 100100000}
  serializedVersion: 5
  m_Component:
  - component: {fileID: 4853606359510480}
  m_Layer: 0
  m_Name: mixamorig:LeftLeg
  m_TagString: Untagged
  m_Icon: {fileID: 0}
  m_NavMeshLayer: 0
  m_StaticEditorFlags: 0
  m_IsActive: 1
--- !u!1 &1221473575939598
GameObject:
  m_ObjectHideFlags: 1
  m_PrefabParentObject: {fileID: 0}
  m_PrefabInternal: {fileID: 100100000}
  serializedVersion: 5
  m_Component:
  - component: {fileID: 4350965518207510}
  m_Layer: 0
  m_Name: mixamorig:RightArm
  m_TagString: Untagged
  m_Icon: {fileID: 0}
  m_NavMeshLayer: 0
  m_StaticEditorFlags: 0
  m_IsActive: 1
--- !u!1 &1285562875036430
GameObject:
  m_ObjectHideFlags: 0
  m_PrefabParentObject: {fileID: 0}
  m_PrefabInternal: {fileID: 100100000}
  serializedVersion: 5
  m_Component:
  - component: {fileID: 4921628994878900}
  - component: {fileID: 95154755414138040}
  - component: {fileID: 54297136821131452}
  - component: {fileID: 136584548486251790}
  - component: {fileID: 114020035490130686}
  - component: {fileID: 114989477990918498}
  - component: {fileID: 114952487217749096}
  - component: {fileID: 114520948698107688}
  - component: {fileID: 114424620202010308}
  - component: {fileID: 208679386915258460}
  - component: {fileID: 114163119002724974}
  m_Layer: 0
  m_Name: PlayerCharacter
  m_TagString: Player
  m_Icon: {fileID: 0}
  m_NavMeshLayer: 0
  m_StaticEditorFlags: 0
  m_IsActive: 1
--- !u!1 &1299378658625786
GameObject:
  m_ObjectHideFlags: 1
  m_PrefabParentObject: {fileID: 0}
  m_PrefabInternal: {fileID: 100100000}
  serializedVersion: 5
  m_Component:
  - component: {fileID: 4636209832464026}
  m_Layer: 0
  m_Name: mixamorig:Head
  m_TagString: Untagged
  m_Icon: {fileID: 0}
  m_NavMeshLayer: 0
  m_StaticEditorFlags: 0
  m_IsActive: 1
--- !u!1 &1316649257246880
GameObject:
  m_ObjectHideFlags: 1
  m_PrefabParentObject: {fileID: 0}
  m_PrefabInternal: {fileID: 100100000}
  serializedVersion: 5
  m_Component:
  - component: {fileID: 4241770308456002}
  m_Layer: 0
  m_Name: mixamorig:RightForeArm
  m_TagString: Untagged
  m_Icon: {fileID: 0}
  m_NavMeshLayer: 0
  m_StaticEditorFlags: 0
  m_IsActive: 1
--- !u!1 &1361336624026546
GameObject:
  m_ObjectHideFlags: 1
  m_PrefabParentObject: {fileID: 0}
  m_PrefabInternal: {fileID: 100100000}
  serializedVersion: 5
  m_Component:
  - component: {fileID: 4922143522333014}
  m_Layer: 0
  m_Name: mixamorig:LeftUpLeg
  m_TagString: Untagged
  m_Icon: {fileID: 0}
  m_NavMeshLayer: 0
  m_StaticEditorFlags: 0
  m_IsActive: 1
--- !u!1 &1415898929073926
GameObject:
  m_ObjectHideFlags: 1
  m_PrefabParentObject: {fileID: 0}
  m_PrefabInternal: {fileID: 100100000}
  serializedVersion: 5
  m_Component:
  - component: {fileID: 4236419192037058}
  m_Layer: 0
  m_Name: mixamorig:LeftShoulder
  m_TagString: Untagged
  m_Icon: {fileID: 0}
  m_NavMeshLayer: 0
  m_StaticEditorFlags: 0
  m_IsActive: 1
--- !u!1 &1426731935575138
GameObject:
  m_ObjectHideFlags: 1
  m_PrefabParentObject: {fileID: 0}
  m_PrefabInternal: {fileID: 100100000}
  serializedVersion: 5
  m_Component:
  - component: {fileID: 4172421271560858}
  m_Layer: 0
  m_Name: mixamorig:RightFoot
  m_TagString: Untagged
  m_Icon: {fileID: 0}
  m_NavMeshLayer: 0
  m_StaticEditorFlags: 0
  m_IsActive: 1
--- !u!1 &1435150359989356
GameObject:
  m_ObjectHideFlags: 1
  m_PrefabParentObject: {fileID: 0}
  m_PrefabInternal: {fileID: 100100000}
  serializedVersion: 5
  m_Component:
  - component: {fileID: 4004472673107258}
  m_Layer: 0
  m_Name: mixamorig:LeftArm
  m_TagString: Untagged
  m_Icon: {fileID: 0}
  m_NavMeshLayer: 0
  m_StaticEditorFlags: 0
  m_IsActive: 1
--- !u!1 &1452018652829030
GameObject:
  m_ObjectHideFlags: 1
  m_PrefabParentObject: {fileID: 0}
  m_PrefabInternal: {fileID: 100100000}
  serializedVersion: 5
  m_Component:
  - component: {fileID: 4044957136720254}
  m_Layer: 0
  m_Name: mixamorig:RightHand
  m_TagString: Untagged
  m_Icon: {fileID: 0}
  m_NavMeshLayer: 0
  m_StaticEditorFlags: 0
  m_IsActive: 1
--- !u!1 &1545439455539246
GameObject:
  m_ObjectHideFlags: 0
  m_PrefabParentObject: {fileID: 0}
  m_PrefabInternal: {fileID: 100100000}
  serializedVersion: 5
  m_Component:
  - component: {fileID: 4026712042111654}
  - component: {fileID: 212443301528122208}
  m_Layer: 0
  m_Name: shadow
  m_TagString: Untagged
  m_Icon: {fileID: 0}
  m_NavMeshLayer: 0
  m_StaticEditorFlags: 0
  m_IsActive: 1
--- !u!1 &1555458775578536
GameObject:
  m_ObjectHideFlags: 1
  m_PrefabParentObject: {fileID: 0}
  m_PrefabInternal: {fileID: 100100000}
  serializedVersion: 5
  m_Component:
  - component: {fileID: 4837934651226576}
  m_Layer: 0
  m_Name: mixamorig:RightLeg
  m_TagString: Untagged
  m_Icon: {fileID: 0}
  m_NavMeshLayer: 0
  m_StaticEditorFlags: 0
  m_IsActive: 1
--- !u!1 &1589006770610718
GameObject:
  m_ObjectHideFlags: 1
  m_PrefabParentObject: {fileID: 0}
  m_PrefabInternal: {fileID: 100100000}
  serializedVersion: 5
  m_Component:
  - component: {fileID: 4958749008463698}
  m_Layer: 0
  m_Name: mixamorig:RightHandIndex1
  m_TagString: Untagged
  m_Icon: {fileID: 0}
  m_NavMeshLayer: 0
  m_StaticEditorFlags: 0
  m_IsActive: 1
--- !u!1 &1632210684276228
GameObject:
  m_ObjectHideFlags: 1
  m_PrefabParentObject: {fileID: 0}
  m_PrefabInternal: {fileID: 100100000}
  serializedVersion: 5
  m_Component:
  - component: {fileID: 4395608018733076}
  m_Layer: 0
  m_Name: mixamorig:Spine
  m_TagString: Untagged
  m_Icon: {fileID: 0}
  m_NavMeshLayer: 0
  m_StaticEditorFlags: 0
  m_IsActive: 1
--- !u!1 &1687921572063378
GameObject:
  m_ObjectHideFlags: 1
  m_PrefabParentObject: {fileID: 0}
  m_PrefabInternal: {fileID: 100100000}
  serializedVersion: 5
  m_Component:
  - component: {fileID: 4971018096521358}
  m_Layer: 0
  m_Name: mixamorig:LeftToe_End
  m_TagString: Untagged
  m_Icon: {fileID: 0}
  m_NavMeshLayer: 0
  m_StaticEditorFlags: 0
  m_IsActive: 1
--- !u!1 &1711212662104060
GameObject:
  m_ObjectHideFlags: 1
  m_PrefabParentObject: {fileID: 0}
  m_PrefabInternal: {fileID: 100100000}
  serializedVersion: 5
  m_Component:
  - component: {fileID: 4177577274478864}
  m_Layer: 0
  m_Name: mixamorig:LeftHandIndex2
  m_TagString: Untagged
  m_Icon: {fileID: 0}
  m_NavMeshLayer: 0
  m_StaticEditorFlags: 0
  m_IsActive: 1
--- !u!1 &1715226986047306
GameObject:
  m_ObjectHideFlags: 1
  m_PrefabParentObject: {fileID: 0}
  m_PrefabInternal: {fileID: 100100000}
  serializedVersion: 5
  m_Component:
  - component: {fileID: 4918906865111640}
  m_Layer: 0
  m_Name: mixamorig:LeftForeArm
  m_TagString: Untagged
  m_Icon: {fileID: 0}
  m_NavMeshLayer: 0
  m_StaticEditorFlags: 0
  m_IsActive: 1
--- !u!1 &1736990355698674
GameObject:
  m_ObjectHideFlags: 1
  m_PrefabParentObject: {fileID: 0}
  m_PrefabInternal: {fileID: 100100000}
  serializedVersion: 5
  m_Component:
  - component: {fileID: 4959717766824402}
  m_Layer: 0
  m_Name: mixamorig:Neck
  m_TagString: Untagged
  m_Icon: {fileID: 0}
  m_NavMeshLayer: 0
  m_StaticEditorFlags: 0
  m_IsActive: 1
--- !u!1 &1740506905347040
GameObject:
  m_ObjectHideFlags: 1
  m_PrefabParentObject: {fileID: 0}
  m_PrefabInternal: {fileID: 100100000}
  serializedVersion: 5
  m_Component:
  - component: {fileID: 4689597046146810}
  m_Layer: 0
  m_Name: mixamorig:RightHandIndex3
  m_TagString: Untagged
  m_Icon: {fileID: 0}
  m_NavMeshLayer: 0
  m_StaticEditorFlags: 0
  m_IsActive: 1
--- !u!1 &1781107364545410
GameObject:
  m_ObjectHideFlags: 1
  m_PrefabParentObject: {fileID: 0}
  m_PrefabInternal: {fileID: 100100000}
  serializedVersion: 5
  m_Component:
  - component: {fileID: 4786785757452752}
  m_Layer: 0
  m_Name: mixamorig:Spine2
  m_TagString: Untagged
  m_Icon: {fileID: 0}
  m_NavMeshLayer: 0
  m_StaticEditorFlags: 0
  m_IsActive: 1
--- !u!1 &1786365769809468
GameObject:
  m_ObjectHideFlags: 1
  m_PrefabParentObject: {fileID: 0}
  m_PrefabInternal: {fileID: 100100000}
  serializedVersion: 5
  m_Component:
  - component: {fileID: 4360248306653012}
  m_Layer: 0
  m_Name: mixamorig:LeftHandIndex3
  m_TagString: Untagged
  m_Icon: {fileID: 0}
  m_NavMeshLayer: 0
  m_StaticEditorFlags: 0
  m_IsActive: 1
--- !u!1 &1791305100445184
GameObject:
  m_ObjectHideFlags: 1
  m_PrefabParentObject: {fileID: 0}
  m_PrefabInternal: {fileID: 100100000}
  serializedVersion: 5
  m_Component:
  - component: {fileID: 4739922748241432}
  m_Layer: 0
  m_Name: mixamorig:LeftFoot
  m_TagString: Untagged
  m_Icon: {fileID: 0}
  m_NavMeshLayer: 0
  m_StaticEditorFlags: 0
  m_IsActive: 1
--- !u!1 &1799888993080232
GameObject:
  m_ObjectHideFlags: 1
  m_PrefabParentObject: {fileID: 0}
  m_PrefabInternal: {fileID: 100100000}
  serializedVersion: 5
  m_Component:
  - component: {fileID: 4089645923754892}
  m_Layer: 0
  m_Name: mixamorig:RightToe_End
  m_TagString: Untagged
  m_Icon: {fileID: 0}
  m_NavMeshLayer: 0
  m_StaticEditorFlags: 0
  m_IsActive: 1
--- !u!1 &1847797404057406
GameObject:
  m_ObjectHideFlags: 1
  m_PrefabParentObject: {fileID: 0}
  m_PrefabInternal: {fileID: 100100000}
  serializedVersion: 5
  m_Component:
  - component: {fileID: 4331078139950264}
  m_Layer: 0
  m_Name: mixamorig:RightUpLeg
  m_TagString: Untagged
  m_Icon: {fileID: 0}
  m_NavMeshLayer: 0
  m_StaticEditorFlags: 0
  m_IsActive: 1
--- !u!1 &1881096498606514
GameObject:
  m_ObjectHideFlags: 1
  m_PrefabParentObject: {fileID: 0}
  m_PrefabInternal: {fileID: 100100000}
  serializedVersion: 5
  m_Component:
  - component: {fileID: 4432624775387262}
  m_Layer: 0
  m_Name: mixamorig:LeftToeBase
  m_TagString: Untagged
  m_Icon: {fileID: 0}
  m_NavMeshLayer: 0
  m_StaticEditorFlags: 0
  m_IsActive: 1
--- !u!1 &1930747383270784
GameObject:
  m_ObjectHideFlags: 0
  m_PrefabParentObject: {fileID: 0}
  m_PrefabInternal: {fileID: 100100000}
  serializedVersion: 5
  m_Component:
  - component: {fileID: 4443621158633944}
  m_Layer: 0
  m_Name: mixamorig:Hips
  m_TagString: Untagged
  m_Icon: {fileID: 0}
  m_NavMeshLayer: 0
  m_StaticEditorFlags: 0
  m_IsActive: 1
--- !u!1 &1938977937184234
GameObject:
  m_ObjectHideFlags: 1
  m_PrefabParentObject: {fileID: 0}
  m_PrefabInternal: {fileID: 100100000}
  serializedVersion: 5
  m_Component:
  - component: {fileID: 4538250755045894}
  m_Layer: 0
  m_Name: mixamorig:RightHandIndex4
  m_TagString: Untagged
  m_Icon: {fileID: 0}
  m_NavMeshLayer: 0
  m_StaticEditorFlags: 0
  m_IsActive: 1
--- !u!1 &1959833696563672
GameObject:
  m_ObjectHideFlags: 1
  m_PrefabParentObject: {fileID: 0}
  m_PrefabInternal: {fileID: 100100000}
  serializedVersion: 5
  m_Component:
  - component: {fileID: 4415925381038056}
  m_Layer: 0
  m_Name: mixamorig:LeftHandIndex4
  m_TagString: Untagged
  m_Icon: {fileID: 0}
  m_NavMeshLayer: 0
  m_StaticEditorFlags: 0
  m_IsActive: 1
--- !u!1 &1979644320274940
GameObject:
  m_ObjectHideFlags: 0
  m_PrefabParentObject: {fileID: 0}
  m_PrefabInternal: {fileID: 100100000}
  serializedVersion: 5
  m_Component:
  - component: {fileID: 4514303029995012}
  - component: {fileID: 137370677848249846}
  m_Layer: 0
  m_Name: Group54110
  m_TagString: Untagged
  m_Icon: {fileID: 0}
  m_NavMeshLayer: 0
  m_StaticEditorFlags: 0
  m_IsActive: 1
--- !u!1 &1988285394900956
GameObject:
  m_ObjectHideFlags: 1
  m_PrefabParentObject: {fileID: 0}
  m_PrefabInternal: {fileID: 100100000}
  serializedVersion: 5
  m_Component:
  - component: {fileID: 4383690057805824}
  m_Layer: 0
  m_Name: mixamorig:RightToeBase
  m_TagString: Untagged
  m_Icon: {fileID: 0}
  m_NavMeshLayer: 0
  m_StaticEditorFlags: 0
  m_IsActive: 1
--- !u!4 &4004472673107258
Transform:
  m_ObjectHideFlags: 1
  m_PrefabParentObject: {fileID: 0}
  m_PrefabInternal: {fileID: 100100000}
  m_GameObject: {fileID: 1435150359989356}
  m_LocalRotation: {x: -0.1698265, y: 0.0028286846, z: 0.003108979, w: 0.98546505}
  m_LocalPosition: {x: -1.003374e-12, y: 0.004801269, z: -6.03458e-11}
  m_LocalScale: {x: 1, y: 1, z: 1}
  m_Children:
  - {fileID: 4918906865111640}
  m_Father: {fileID: 4236419192037058}
  m_RootOrder: 0
  m_LocalEulerAnglesHint: {x: 45.371983, y: 9.589083, z: 32.652637}
--- !u!4 &4026712042111654
Transform:
  m_ObjectHideFlags: 1
  m_PrefabParentObject: {fileID: 0}
  m_PrefabInternal: {fileID: 100100000}
  m_GameObject: {fileID: 1545439455539246}
  m_LocalRotation: {x: -0.7071068, y: -0, z: -0, w: 0.7071068}
  m_LocalPosition: {x: -0.0018, y: 0.000049981, z: -0.0012}
  m_LocalScale: {x: 0.020593708, y: 0.028939974, z: 0.018844523}
  m_Children: []
  m_Father: {fileID: 4921628994878900}
  m_RootOrder: 3
  m_LocalEulerAnglesHint: {x: -90, y: 0, z: 0}
--- !u!4 &4027330825030902
Transform:
  m_ObjectHideFlags: 1
  m_PrefabParentObject: {fileID: 0}
  m_PrefabInternal: {fileID: 100100000}
  m_GameObject: {fileID: 1055392615975480}
  m_LocalRotation: {x: 0.5780716, y: 0.40755314, z: -0.5772105, w: 0.4081198}
  m_LocalPosition: {x: 0.0022204763, y: 0.0040661995, z: 0.0000032309372}
  m_LocalScale: {x: 1, y: 1, z: 1}
  m_Children:
  - {fileID: 4350965518207510}
  m_Father: {fileID: 4786785757452752}
  m_RootOrder: 2
  m_LocalEulerAnglesHint: {x: 60.889194, y: -97.60732, z: 178.44725}
--- !u!4 &4044957136720254
Transform:
  m_ObjectHideFlags: 1
  m_PrefabParentObject: {fileID: 0}
  m_PrefabInternal: {fileID: 100100000}
  m_GameObject: {fileID: 1452018652829030}
  m_LocalRotation: {x: -0.00000014057002, y: -0.00066651177, z: 0.0000001586241, w: 0.9999998}
  m_LocalPosition: {x: -3.4485153e-12, y: 0.00790054, z: 1.581435e-11}
  m_LocalScale: {x: 1, y: 1, z: 1}
  m_Children:
  - {fileID: 4958749008463698}
  m_Father: {fileID: 4241770308456002}
  m_RootOrder: 0
  m_LocalEulerAnglesHint: {x: 2.3966358, y: -0.3724406, z: 5.810171}
--- !u!4 &4089645923754892
Transform:
  m_ObjectHideFlags: 1
  m_PrefabParentObject: {fileID: 0}
  m_PrefabInternal: {fileID: 100100000}
  m_GameObject: {fileID: 1799888993080232}
  m_LocalRotation: {x: 0, y: -0, z: -0, w: 1}
  m_LocalPosition: {x: -2.1524815e-12, y: 0.0014659264, z: -2.0437874e-13}
  m_LocalScale: {x: 1, y: 1, z: 1}
  m_Children: []
  m_Father: {fileID: 4383690057805824}
  m_RootOrder: 0
  m_LocalEulerAnglesHint: {x: 0, y: 0, z: 0}
--- !u!4 &4111267492964750
Transform:
  m_ObjectHideFlags: 1
  m_PrefabParentObject: {fileID: 0}
  m_PrefabInternal: {fileID: 100100000}
  m_GameObject: {fileID: 1100035082334986}
  m_LocalRotation: {x: 0.0000002642215, y: 0.0005345046, z: -0.00000046783967, w: 0.9999999}
  m_LocalPosition: {x: 3.0282703e-12, y: 0.007900259, z: 7.636085e-12}
  m_LocalScale: {x: 1, y: 1, z: 1}
  m_Children:
  - {fileID: 4587463675097980}
  m_Father: {fileID: 4918906865111640}
  m_RootOrder: 0
  m_LocalEulerAnglesHint: {x: -2.827953, y: -10.745043, z: -20.2452}
--- !u!4 &4172421271560858
Transform:
  m_ObjectHideFlags: 1
  m_PrefabParentObject: {fileID: 0}
  m_PrefabInternal: {fileID: 100100000}
  m_GameObject: {fileID: 1426731935575138}
  m_LocalRotation: {x: 0.47222447, y: -0.04000609, z: 0.05167863, w: 0.8790523}
  m_LocalPosition: {x: -6.1334375e-12, y: 0.011515721, z: -4.02008e-11}
  m_LocalScale: {x: 1, y: 1, z: 1}
  m_Children:
  - {fileID: 4383690057805824}
  m_Father: {fileID: 4837934651226576}
  m_RootOrder: 0
  m_LocalEulerAnglesHint: {x: 79.60851, y: -6.4782066, z: 1.0571947}
--- !u!4 &4177577274478864
Transform:
  m_ObjectHideFlags: 1
  m_PrefabParentObject: {fileID: 0}
  m_PrefabInternal: {fileID: 100100000}
  m_GameObject: {fileID: 1711212662104060}
  m_LocalRotation: {x: -0.0754368, y: 0.00000009816565, z: -0.06867357, w: 0.99478304}
  m_LocalPosition: {x: -5.4267346e-12, y: 0.0006173661, z: -3.0064617e-13}
  m_LocalScale: {x: 1, y: 1, z: 1}
  m_Children:
  - {fileID: 4360248306653012}
  m_Father: {fileID: 4587463675097980}
  m_RootOrder: 0
  m_LocalEulerAnglesHint: {x: 76.633736, y: -12.958812, z: -28.614656}
--- !u!4 &4236419192037058
Transform:
  m_ObjectHideFlags: 1
  m_PrefabParentObject: {fileID: 0}
  m_PrefabInternal: {fileID: 100100000}
  m_GameObject: {fileID: 1415898929073926}
  m_LocalRotation: {x: 0.5797006, y: -0.40639633, z: 0.5755847, w: 0.40925726}
  m_LocalPosition: {x: -0.0022204763, y: 0.0040663523, z: 0.00001596843}
  m_LocalScale: {x: 1, y: 1, z: 1}
  m_Children:
  - {fileID: 4004472673107258}
  m_Father: {fileID: 4786785757452752}
  m_RootOrder: 0
  m_LocalEulerAnglesHint: {x: 61.30218, y: 93.59745, z: -177.87898}
--- !u!4 &4241770308456002
Transform:
  m_ObjectHideFlags: 1
  m_PrefabParentObject: {fileID: 0}
  m_PrefabInternal: {fileID: 100100000}
  m_GameObject: {fileID: 1316649257246880}
  m_LocalRotation: {x: -0.00000018585223, y: 0.0009679413, z: 0.00000035003143, w: 0.9999995}
  m_LocalPosition: {x: 3.8889243e-12, y: 0.0060149645, z: 5.922951e-13}
  m_LocalScale: {x: 1, y: 1, z: 1}
  m_Children:
  - {fileID: 4044957136720254}
  m_Father: {fileID: 4350965518207510}
  m_RootOrder: 0
  m_LocalEulerAnglesHint: {x: 2.8435855, y: 4.467366, z: 89.1821}
--- !u!4 &4331078139950264
Transform:
  m_ObjectHideFlags: 1
  m_PrefabParentObject: {fileID: 0}
  m_PrefabInternal: {fileID: 100100000}
  m_GameObject: {fileID: 1847797404057406}
  m_LocalRotation: {x: 0.00033733353, y: 0.02821535, z: 0.99960166, w: 0.000548899}
  m_LocalPosition: {x: 0.003131133, y: -0.0018048628, z: 0.00007390558}
  m_LocalScale: {x: 1, y: 1, z: 1}
  m_Children:
  - {fileID: 4837934651226576}
  m_Father: {fileID: 4443621158633944}
  m_RootOrder: 1
  m_LocalEulerAnglesHint: {x: -22.720716, y: 6.5675035, z: 173.07344}
--- !u!4 &4350965518207510
Transform:
  m_ObjectHideFlags: 1
  m_PrefabParentObject: {fileID: 0}
  m_PrefabInternal: {fileID: 100100000}
  m_GameObject: {fileID: 1221473575939598}
  m_LocalRotation: {x: -0.16987236, y: -0.004055028, z: -0.000040382503, w: 0.9854577}
  m_LocalPosition: {x: 5.4793333e-13, y: 0.004801269, z: -2.2200465e-11}
  m_LocalScale: {x: 1, y: 1, z: 1}
  m_Children:
  - {fileID: 4241770308456002}
  m_Father: {fileID: 4027330825030902}
  m_RootOrder: 0
  m_LocalEulerAnglesHint: {x: 34.84647, y: -6.979293, z: -14.017243}
--- !u!4 &4360248306653012
Transform:
  m_ObjectHideFlags: 1
  m_PrefabParentObject: {fileID: 0}
  m_PrefabInternal: {fileID: 100100000}
  m_GameObject: {fileID: 1786365769809468}
  m_LocalRotation: {x: 0.0152790025, y: 0.004385987, z: -0.014705301, w: 0.9997655}
  m_LocalPosition: {x: -0.00013241082, y: 0.00094643625, z: 0.0001454806}
  m_LocalScale: {x: 1, y: 1, z: 1}
  m_Children:
  - {fileID: 4415925381038056}
  m_Father: {fileID: 4177577274478864}
  m_RootOrder: 0
  m_LocalEulerAnglesHint: {x: 0, y: 0, z: 0}
--- !u!4 &4383690057805824
Transform:
  m_ObjectHideFlags: 1
  m_PrefabParentObject: {fileID: 0}
  m_PrefabInternal: {fileID: 100100000}
  m_GameObject: {fileID: 1988285394900956}
  m_LocalRotation: {x: 0.34318212, y: -0.013011403, z: 0.004754514, w: 0.9391667}
  m_LocalPosition: {x: 2.7966771e-11, y: 0.0040172087, z: -2.8569386e-11}
  m_LocalScale: {x: 1, y: 1, z: 1}
  m_Children:
  - {fileID: 4089645923754892}
  m_Father: {fileID: 4172421271560858}
  m_RootOrder: 0
  m_LocalEulerAnglesHint: {x: 51.476524, y: -1.1961159, z: -12.031877}
--- !u!4 &4395608018733076
Transform:
  m_ObjectHideFlags: 1
  m_PrefabParentObject: {fileID: 0}
  m_PrefabInternal: {fileID: 100100000}
  m_GameObject: {fileID: 1632210684276228}
  m_LocalRotation: {x: 0.0059885057, y: 0.00000046217912, z: -0.000017419943, w: 0.99998206}
  m_LocalPosition: {x: -0, y: 0.003244919, z: 0.000038865805}
  m_LocalScale: {x: 1, y: 1, z: 1}
  m_Children:
  - {fileID: 4700545333958278}
  m_Father: {fileID: 4443621158633944}
  m_RootOrder: 2
  m_LocalEulerAnglesHint: {x: 5.606651, y: -1.2921492, z: -1.8908577}
--- !u!4 &4415925381038056
Transform:
  m_ObjectHideFlags: 1
  m_PrefabParentObject: {fileID: 0}
  m_PrefabInternal: {fileID: 100100000}
  m_GameObject: {fileID: 1959833696563672}
  m_LocalRotation: {x: 0, y: -0, z: -0, w: 1}
  m_LocalPosition: {x: -0.0001361823, y: 0.0007988942, z: 0.00009679771}
  m_LocalScale: {x: 1, y: 1, z: 1}
  m_Children: []
  m_Father: {fileID: 4360248306653012}
  m_RootOrder: 0
  m_LocalEulerAnglesHint: {x: 0, y: 0, z: 0}
--- !u!4 &4432624775387262
Transform:
  m_ObjectHideFlags: 1
  m_PrefabParentObject: {fileID: 0}
  m_PrefabInternal: {fileID: 100100000}
  m_GameObject: {fileID: 1881096498606514}
  m_LocalRotation: {x: 0.3442614, y: 0.011647736, z: -0.004271307, w: 0.9387919}
  m_LocalPosition: {x: 1.927647e-12, y: 0.0040067937, z: 4.291292e-11}
  m_LocalScale: {x: 1, y: 1, z: 1}
  m_Children:
  - {fileID: 4971018096521358}
  m_Father: {fileID: 4739922748241432}
  m_RootOrder: 0
  m_LocalEulerAnglesHint: {x: 39.79542, y: 10.072078, z: 8.52197}
--- !u!4 &4443621158633944
Transform:
  m_ObjectHideFlags: 1
  m_PrefabParentObject: {fileID: 0}
  m_PrefabInternal: {fileID: 100100000}
  m_GameObject: {fileID: 1930747383270784}
  m_LocalRotation: {x: -0.00000008344075, y: -0.0000005664807, z: 0.00001741686, w: 1}
  m_LocalPosition: {x: -0.00000008363013, y: 0.027760275, z: -0.00011863522}
  m_LocalScale: {x: 1, y: 1, z: 1}
  m_Children:
  - {fileID: 4922143522333014}
  - {fileID: 4331078139950264}
  - {fileID: 4395608018733076}
  m_Father: {fileID: 4921628994878900}
  m_RootOrder: 1
  m_LocalEulerAnglesHint: {x: 5.4409695, y: -3.0375373, z: 3.1126173}
--- !u!4 &4514303029995012
Transform:
  m_ObjectHideFlags: 1
  m_PrefabParentObject: {fileID: 0}
  m_PrefabInternal: {fileID: 100100000}
  m_GameObject: {fileID: 1979644320274940}
  m_LocalRotation: {x: 0, y: -0, z: -0, w: 1}
  m_LocalPosition: {x: -0, y: 0, z: 0}
  m_LocalScale: {x: 1, y: 1, z: 1}
  m_Children: []
  m_Father: {fileID: 4921628994878900}
  m_RootOrder: 0
  m_LocalEulerAnglesHint: {x: 0, y: 0, z: 0}
--- !u!4 &4528194749338806
Transform:
  m_ObjectHideFlags: 1
  m_PrefabParentObject: {fileID: 0}
  m_PrefabInternal: {fileID: 100100000}
  m_GameObject: {fileID: 1029104704597394}
  m_LocalRotation: {x: -0.07054056, y: -0.00000004973152, z: 0.09495851, w: 0.9929788}
  m_LocalPosition: {x: 6.4962003e-12, y: 0.0006015593, z: -4.82232e-12}
  m_LocalScale: {x: 1, y: 1, z: 1}
  m_Children:
  - {fileID: 4689597046146810}
  m_Father: {fileID: 4958749008463698}
  m_RootOrder: 0
  m_LocalEulerAnglesHint: {x: 83.35052, y: 20.536829, z: 38.11273}
--- !u!4 &4538250755045894
Transform:
  m_ObjectHideFlags: 1
  m_PrefabParentObject: {fileID: 0}
  m_PrefabInternal: {fileID: 100100000}
  m_GameObject: {fileID: 1938977937184234}
  m_LocalRotation: {x: 0, y: -0, z: -0, w: 1}
  m_LocalPosition: {x: 0.00013298355, y: 0.00081489317, z: 0.000116051095}
  m_LocalScale: {x: 1, y: 1, z: 1}
  m_Children: []
  m_Father: {fileID: 4689597046146810}
  m_RootOrder: 0
  m_LocalEulerAnglesHint: {x: 0, y: 0, z: 0}
--- !u!4 &4587463675097980
Transform:
  m_ObjectHideFlags: 1
  m_PrefabParentObject: {fileID: 0}
  m_PrefabInternal: {fileID: 100100000}
  m_GameObject: {fileID: 1076887787293250}
  m_LocalRotation: {x: 0.00000035623955, y: -0.0056063, z: 0.00000012783491, w: 0.9999843}
  m_LocalPosition: {x: 1.4652923e-12, y: 0.003373286, z: -3.6139702e-12}
  m_LocalScale: {x: 1, y: 1, z: 1}
  m_Children:
  - {fileID: 4177577274478864}
  m_Father: {fileID: 4111267492964750}
  m_RootOrder: 0
  m_LocalEulerAnglesHint: {x: 76.39988, y: -23.732653, z: -29.133785}
--- !u!4 &4636209832464026
Transform:
  m_ObjectHideFlags: 1
  m_PrefabParentObject: {fileID: 0}
  m_PrefabInternal: {fileID: 100100000}
  m_GameObject: {fileID: 1299378658625786}
  m_LocalRotation: {x: 0, y: -0, z: -2.5659337e-31, w: 1}
  m_LocalPosition: {x: -0, y: 0.0018260347, z: -0.000038712024}
  m_LocalScale: {x: 1, y: 1, z: 1}
  m_Children:
  - {fileID: 4813652104326608}
  m_Father: {fileID: 4959717766824402}
  m_RootOrder: 0
  m_LocalEulerAnglesHint: {x: -13.982881, y: 7.586353, z: 3.4106421}
--- !u!4 &4689597046146810
Transform:
  m_ObjectHideFlags: 1
  m_PrefabParentObject: {fileID: 0}
  m_PrefabInternal: {fileID: 100100000}
  m_GameObject: {fileID: 1740506905347040}
  m_LocalRotation: {x: 0.0008515797, y: 0.0019451819, z: -0.014642433, w: 0.99989057}
  m_LocalPosition: {x: 0.00017469, y: 0.0009020434, z: 0.00013004335}
  m_LocalScale: {x: 1, y: 1, z: 1}
  m_Children:
  - {fileID: 4538250755045894}
  m_Father: {fileID: 4528194749338806}
  m_RootOrder: 0
  m_LocalEulerAnglesHint: {x: 0, y: 0, z: 0}
--- !u!4 &4700545333958278
Transform:
  m_ObjectHideFlags: 1
  m_PrefabParentObject: {fileID: 0}
  m_PrefabInternal: {fileID: 100100000}
  m_GameObject: {fileID: 1089702186541054}
  m_LocalRotation: {x: 2.3522016e-26, y: -3.4460323e-14, z: 6.8258257e-13, w: 1}
  m_LocalPosition: {x: -0, y: 0.0037860095, z: 2.3404612e-12}
  m_LocalScale: {x: 1, y: 1, z: 1}
  m_Children:
  - {fileID: 4786785757452752}
  m_Father: {fileID: 4395608018733076}
  m_RootOrder: 0
  m_LocalEulerAnglesHint: {x: 9.84558, y: -2.862868, z: -2.1783779}
--- !u!4 &4739922748241432
Transform:
  m_ObjectHideFlags: 1
  m_PrefabParentObject: {fileID: 0}
  m_PrefabInternal: {fileID: 100100000}
  m_GameObject: {fileID: 1791305100445184}
  m_LocalRotation: {x: 0.4692068, y: 0.040409002, z: -0.051727116, w: 0.88064545}
  m_LocalPosition: {x: 3.045021e-11, y: 0.011508065, z: -8.930307e-11}
  m_LocalScale: {x: 1, y: 1, z: 1}
  m_Children:
  - {fileID: 4432624775387262}
  m_Father: {fileID: 4853606359510480}
  m_RootOrder: 0
  m_LocalEulerAnglesHint: {x: 72.47078, y: -8.702778, z: -18.13549}
--- !u!4 &4786785757452752
Transform:
  m_ObjectHideFlags: 1
  m_PrefabParentObject: {fileID: 0}
  m_PrefabInternal: {fileID: 100100000}
  m_GameObject: {fileID: 1781107364545410}
  m_LocalRotation: {x: -0, y: -1.2621775e-29, z: -1.1073635e-28, w: 1}
  m_LocalPosition: {x: -0, y: 0.00432687, z: 7.683304e-13}
  m_LocalScale: {x: 1, y: 1, z: 1}
  m_Children:
  - {fileID: 4236419192037058}
  - {fileID: 4959717766824402}
  - {fileID: 4027330825030902}
  m_Father: {fileID: 4700545333958278}
  m_RootOrder: 0
  m_LocalEulerAnglesHint: {x: 9.845584, y: -2.862869, z: -2.1783772}
--- !u!4 &4813652104326608
Transform:
  m_ObjectHideFlags: 1
  m_PrefabParentObject: {fileID: 0}
  m_PrefabInternal: {fileID: 100100000}
  m_GameObject: {fileID: 1100013942688338}
  m_LocalRotation: {x: 0, y: -0, z: -0, w: 1}
  m_LocalPosition: {x: -0, y: 0.010226642, z: -0.00021680444}
  m_LocalScale: {x: 1, y: 1, z: 1}
  m_Children: []
  m_Father: {fileID: 4636209832464026}
  m_RootOrder: 0
  m_LocalEulerAnglesHint: {x: 0, y: 0, z: 0}
--- !u!4 &4837934651226576
Transform:
  m_ObjectHideFlags: 1
  m_PrefabParentObject: {fileID: 0}
  m_PrefabInternal: {fileID: 100100000}
  m_GameObject: {fileID: 1555458775578536}
  m_LocalRotation: {x: -0.089117095, y: -0.000077979654, z: 0.0011320907, w: 0.9960205}
  m_LocalPosition: {x: -2.8451392e-11, y: 0.01195095, z: 2.2502913e-12}
  m_LocalScale: {x: 1, y: 1, z: 1}
  m_Children:
  - {fileID: 4172421271560858}
  m_Father: {fileID: 4331078139950264}
  m_RootOrder: 0
  m_LocalEulerAnglesHint: {x: -58.535667, y: -0.08723593, z: 1.7693007}
--- !u!4 &4843088706448294
Transform:
  m_ObjectHideFlags: 1
  m_PrefabParentObject: {fileID: 0}
  m_PrefabInternal: {fileID: 100100000}
  m_GameObject: {fileID: 1025247972206442}
  m_LocalRotation: {x: 0.7071068, y: 0, z: 0, w: 0.7071068}
  m_LocalPosition: {x: 0, y: 12.75, z: 0}
  m_LocalScale: {x: 1, y: 1, z: 1}
  m_Children: []
  m_Father: {fileID: 4921628994878900}
  m_RootOrder: 2
  m_LocalEulerAnglesHint: {x: 90, y: 0, z: 0}
--- !u!4 &4853606359510480
Transform:
  m_ObjectHideFlags: 1
  m_PrefabParentObject: {fileID: 0}
  m_PrefabInternal: {fileID: 100100000}
  m_GameObject: {fileID: 1127921863438148}
  m_LocalRotation: {x: -0.08579675, y: 0.00007486811, z: -0.0011252707, w: 0.9963121}
  m_LocalPosition: {x: 4.8185574e-11, y: 0.011950769, z: 1.1046685e-11}
  m_LocalScale: {x: 1, y: 1, z: 1}
  m_Children:
  - {fileID: 4739922748241432}
  m_Father: {fileID: 4922143522333014}
  m_RootOrder: 0
  m_LocalEulerAnglesHint: {x: -66.30986, y: 144.34026, z: -148.42166}
--- !u!4 &4918906865111640
Transform:
  m_ObjectHideFlags: 1
  m_PrefabParentObject: {fileID: 0}
  m_PrefabInternal: {fileID: 100100000}
  m_GameObject: {fileID: 1715226986047306}
  m_LocalRotation: {x: 0.00000010081578, y: -0.00088893954, z: 0.0000001927765, w: 0.99999964}
  m_LocalPosition: {x: 1.4705062e-12, y: 0.00601448, z: 2.97522e-13}
  m_LocalScale: {x: 1, y: 1, z: 1}
  m_Children:
  - {fileID: 4111267492964750}
  m_Father: {fileID: 4004472673107258}
  m_RootOrder: 0
  m_LocalEulerAnglesHint: {x: -1.9941714, y: -10.58669, z: -103.91703}
--- !u!4 &4921628994878900
Transform:
  m_ObjectHideFlags: 1
  m_PrefabParentObject: {fileID: 0}
  m_PrefabInternal: {fileID: 100100000}
  m_GameObject: {fileID: 1285562875036430}
  m_LocalRotation: {x: 0, y: 0, z: 0, w: 1}
  m_LocalPosition: {x: 8.169618, y: 0.00000028192179, z: 1.5766209}
  m_LocalScale: {x: 24, y: 24, z: 24}
  m_Children:
  - {fileID: 4514303029995012}
  - {fileID: 4443621158633944}
  - {fileID: 4843088706448294}
  - {fileID: 4026712042111654}
  m_Father: {fileID: 0}
  m_RootOrder: 0
  m_LocalEulerAnglesHint: {x: 0, y: 172.73201, z: 0}
--- !u!4 &4922143522333014
Transform:
  m_ObjectHideFlags: 1
  m_PrefabParentObject: {fileID: 0}
  m_PrefabInternal: {fileID: 100100000}
  m_GameObject: {fileID: 1361336624026546}
  m_LocalRotation: {x: -0.00030814146, y: 0.027208183, z: 0.9996296, w: -0.00051445176}
  m_LocalPosition: {x: -0.003131133, y: -0.0018048628, z: 0.000044318138}
  m_LocalScale: {x: 1, y: 1, z: 1}
  m_Children:
  - {fileID: 4853606359510480}
  m_Father: {fileID: 4443621158633944}
  m_RootOrder: 0
  m_LocalEulerAnglesHint: {x: -40.290123, y: -6.2339754, z: -175.42175}
--- !u!4 &4958749008463698
Transform:
  m_ObjectHideFlags: 1
  m_PrefabParentObject: {fileID: 0}
  m_PrefabInternal: {fileID: 100100000}
  m_GameObject: {fileID: 1589006770610718}
  m_LocalRotation: {x: 0.0000004074776, y: 0.0051344284, z: 0.00000022094846, w: 0.9999868}
  m_LocalPosition: {x: 8.961193e-13, y: 0.0033613513, z: -1.8235457e-11}
  m_LocalScale: {x: 1, y: 1, z: 1}
  m_Children:
  - {fileID: 4528194749338806}
  m_Father: {fileID: 4044957136720254}
  m_RootOrder: 0
  m_LocalEulerAnglesHint: {x: 72.43133, y: 15.484879, z: 12.645109}
--- !u!4 &4959717766824402
Transform:
  m_ObjectHideFlags: 1
  m_PrefabParentObject: {fileID: 0}
  m_PrefabInternal: {fileID: 100100000}
  m_GameObject: {fileID: 1736990355698674}
  m_LocalRotation: {x: -0.0059883706, y: 4.3993763e-14, z: 2.2711436e-13, w: 0.99998206}
  m_LocalPosition: {x: -0, y: 0.004867727, z: 2.4845842e-10}
  m_LocalScale: {x: 1, y: 1, z: 1}
  m_Children:
  - {fileID: 4636209832464026}
  m_Father: {fileID: 4786785757452752}
  m_RootOrder: 1
  m_LocalEulerAnglesHint: {x: -8.170367, y: 3.1772602, z: -0.01720922}
--- !u!4 &4971018096521358
Transform:
  m_ObjectHideFlags: 1
  m_PrefabParentObject: {fileID: 0}
  m_PrefabInternal: {fileID: 100100000}
  m_GameObject: {fileID: 1687921572063378}
  m_LocalRotation: {x: 0, y: -0, z: -0, w: 1}
  m_LocalPosition: {x: 1.1633831e-11, y: 0.0014772968, z: -5.758727e-13}
  m_LocalScale: {x: 1, y: 1, z: 1}
  m_Children: []
  m_Father: {fileID: 4432624775387262}
  m_RootOrder: 0
  m_LocalEulerAnglesHint: {x: 0, y: 0, z: 0}
--- !u!20 &20535316398124566
Camera:
  m_ObjectHideFlags: 1
  m_PrefabParentObject: {fileID: 0}
  m_PrefabInternal: {fileID: 100100000}
  m_GameObject: {fileID: 1025247972206442}
  m_Enabled: 1
  serializedVersion: 2
  m_ClearFlags: 2
  m_BackGroundColor: {r: 0.03676471, g: 0.25, b: 0.03676471, a: 0}
  m_NormalizedViewPortRect:
    serializedVersion: 2
    x: 0
    y: 0
    width: 1
    height: 1
  near clip plane: 0.3
  far clip plane: 500
  field of view: 60
  orthographic: 1
  orthographic size: 30
  m_Depth: 0
  m_CullingMask:
    serializedVersion: 2
    m_Bits: 4294951112
  m_RenderingPath: -1
  m_TargetTexture: {fileID: 8400000, guid: b17e4464aa0e17e44a6d76ea37a0e976, type: 2}
  m_TargetDisplay: 0
  m_TargetEye: 3
  m_HDR: 1
  m_AllowMSAA: 1
  m_ForceIntoRT: 0
  m_OcclusionCulling: 1
  m_StereoConvergence: 10
  m_StereoSeparation: 0.022
  m_StereoMirrorMode: 0
--- !u!54 &54297136821131452
Rigidbody:
  m_ObjectHideFlags: 1
  m_PrefabParentObject: {fileID: 0}
  m_PrefabInternal: {fileID: 100100000}
  m_GameObject: {fileID: 1285562875036430}
  serializedVersion: 2
  m_Mass: 1
  m_Drag: 0
  m_AngularDrag: 0.05
  m_UseGravity: 1
  m_IsKinematic: 0
  m_Interpolate: 0
  m_Constraints: 0
  m_CollisionDetection: 0
--- !u!92 &92770436120484594
Behaviour:
  m_ObjectHideFlags: 1
  m_PrefabParentObject: {fileID: 0}
  m_PrefabInternal: {fileID: 100100000}
  m_GameObject: {fileID: 1025247972206442}
  m_Enabled: 1
--- !u!95 &95154755414138040
Animator:
  serializedVersion: 3
  m_ObjectHideFlags: 1
  m_PrefabParentObject: {fileID: 0}
  m_PrefabInternal: {fileID: 100100000}
  m_GameObject: {fileID: 1285562875036430}
  m_Enabled: 1
  m_Avatar: {fileID: 9000000, guid: 75f4fb2aacc0c814c861a4246f235075, type: 3}
  m_Controller: {fileID: 9100000, guid: 8e44097a8533f6546bf2218903405f28, type: 2}
  m_CullingMode: 1
  m_UpdateMode: 0
  m_ApplyRootMotion: 0
  m_LinearVelocityBlending: 0
  m_WarningMessage: 
  m_HasTransformHierarchy: 1
  m_AllowConstantClipSamplingOptimization: 1
--- !u!114 &114020035490130686
MonoBehaviour:
  m_ObjectHideFlags: 1
  m_PrefabParentObject: {fileID: 0}
  m_PrefabInternal: {fileID: 100100000}
  m_GameObject: {fileID: 1285562875036430}
  m_Enabled: 1
  m_EditorHideFlags: 0
  m_Script: {fileID: 11500000, guid: 521b611700410be45810047f0a74e899, type: 3}
  m_Name: 
  m_EditorClassIdentifier: 
--- !u!114 &114163119002724974
MonoBehaviour:
  m_ObjectHideFlags: 1
  m_PrefabParentObject: {fileID: 0}
  m_PrefabInternal: {fileID: 100100000}
  m_GameObject: {fileID: 1285562875036430}
  m_Enabled: 1
  m_EditorHideFlags: 0
  m_Script: {fileID: 11500000, guid: 8669f9cfd7370405ca42b2f9ecd7d7f4, type: 3}
  m_Name: 
  m_EditorClassIdentifier: 
--- !u!114 &114424620202010308
MonoBehaviour:
  m_ObjectHideFlags: 1
  m_PrefabParentObject: {fileID: 0}
  m_PrefabInternal: {fileID: 100100000}
  m_GameObject: {fileID: 1285562875036430}
  m_Enabled: 1
  m_EditorHideFlags: 0
  m_Script: {fileID: 11500000, guid: 44b0931ef0d86594ca57c984127413ad, type: 3}
  m_Name: 
  m_EditorClassIdentifier: 
  speed: 10
--- !u!114 &114520948698107688
MonoBehaviour:
  m_ObjectHideFlags: 1
  m_PrefabParentObject: {fileID: 0}
  m_PrefabInternal: {fileID: 100100000}
  m_GameObject: {fileID: 1285562875036430}
  m_Enabled: 1
  m_EditorHideFlags: 0
  m_Script: {fileID: 11500000, guid: 3c243a2503a534147bbadeea7eb7fe14, type: 3}
  m_Name: 
  m_EditorClassIdentifier: 
  _interactor: {fileID: 114952487217749096}
--- !u!114 &114952487217749096
MonoBehaviour:
  m_ObjectHideFlags: 1
  m_PrefabParentObject: {fileID: 0}
  m_PrefabInternal: {fileID: 100100000}
  m_GameObject: {fileID: 1285562875036430}
  m_Enabled: 1
  m_EditorHideFlags: 0
  m_Script: {fileID: 11500000, guid: 35261864104d79741bd1d4f37873ebb0, type: 3}
  m_Name: 
  m_EditorClassIdentifier: 
  _interactDetector: {fileID: 114520948698107688}
  _rotateInputHandler: {fileID: 114020035490130686}
  _forwardInputHandler: {fileID: 114989477990918498}
  _animationController: {fileID: 114424620202010308}
--- !u!114 &114989477990918498
MonoBehaviour:
  m_ObjectHideFlags: 1
  m_PrefabParentObject: {fileID: 0}
  m_PrefabInternal: {fileID: 100100000}
  m_GameObject: {fileID: 1285562875036430}
  m_Enabled: 1
  m_EditorHideFlags: 0
  m_Script: {fileID: 11500000, guid: ce7a80d520cacc042b5fe14f373d8173, type: 3}
  m_Name: 
  m_EditorClassIdentifier: 
  m_MovingTurnSpeed: 360
  m_StationaryTurnSpeed: 180
  m_JumpPower: 6
  m_GravityMultiplier: 2
  m_RunCycleLegOffset: 0.2
  m_MoveSpeedMultiplier: 1
  m_AnimSpeedMultiplier: 1
  m_GroundCheckDistance: 0.3
--- !u!124 &124013571169293154
Behaviour:
  m_ObjectHideFlags: 1
  m_PrefabParentObject: {fileID: 0}
  m_PrefabInternal: {fileID: 100100000}
  m_GameObject: {fileID: 1025247972206442}
  m_Enabled: 1
--- !u!136 &136584548486251790
CapsuleCollider:
  m_ObjectHideFlags: 1
  m_PrefabParentObject: {fileID: 0}
  m_PrefabInternal: {fileID: 100100000}
  m_GameObject: {fileID: 1285562875036430}
  m_Material: {fileID: 0}
  m_IsTrigger: 0
  m_Enabled: 1
  m_Radius: 0.01
  m_Height: 0.05779701
  m_Direction: 1
  m_Center: {x: 0, y: 0.028898505, z: 0}
--- !u!137 &137370677848249846
SkinnedMeshRenderer:
  m_ObjectHideFlags: 1
  m_PrefabParentObject: {fileID: 0}
  m_PrefabInternal: {fileID: 100100000}
  m_GameObject: {fileID: 1979644320274940}
  m_Enabled: 1
  m_CastShadows: 1
  m_ReceiveShadows: 1
  m_MotionVectors: 1
  m_LightProbeUsage: 1
  m_ReflectionProbeUsage: 1
  m_Materials:
  - {fileID: 2100000, guid: b10f334e718302b4590b7d118d075e05, type: 2}
  m_StaticBatchInfo:
    firstSubMesh: 0
    subMeshCount: 0
  m_StaticBatchRoot: {fileID: 0}
  m_ProbeAnchor: {fileID: 0}
  m_LightProbeVolumeOverride: {fileID: 0}
  m_ScaleInLightmap: 1
  m_PreserveUVs: 0
  m_IgnoreNormalsForChartDetection: 0
  m_ImportantGI: 0
  m_SelectedEditorRenderState: 3
  m_MinimumChartSize: 4
  m_AutoUVMaxDistance: 0.5
  m_AutoUVMaxAngle: 89
  m_LightmapParameters: {fileID: 0}
  m_SortingLayerID: 0
  m_SortingLayer: 0
  m_SortingOrder: 0
  serializedVersion: 2
  m_Quality: 0
  m_UpdateWhenOffscreen: 0
  m_SkinnedMotionVectors: 1
  m_Mesh: {fileID: 4300000, guid: 75f4fb2aacc0c814c861a4246f235075, type: 3}
  m_Bones:
  - {fileID: 4636209832464026}
  - {fileID: 4959717766824402}
  - {fileID: 4395608018733076}
  - {fileID: 4700545333958278}
  - {fileID: 4786785757452752}
  - {fileID: 4443621158633944}
  - {fileID: 4331078139950264}
  - {fileID: 4922143522333014}
  - {fileID: 4236419192037058}
  - {fileID: 4027330825030902}
  - {fileID: 4350965518207510}
  - {fileID: 4004472673107258}
  - {fileID: 4837934651226576}
  - {fileID: 4853606359510480}
  - {fileID: 4172421271560858}
  - {fileID: 4383690057805824}
  - {fileID: 4739922748241432}
  - {fileID: 4432624775387262}
  - {fileID: 4241770308456002}
  - {fileID: 4918906865111640}
  - {fileID: 4958749008463698}
  - {fileID: 4044957136720254}
  - {fileID: 4111267492964750}
  - {fileID: 4528194749338806}
  - {fileID: 4587463675097980}
  - {fileID: 4177577274478864}
  - {fileID: 4689597046146810}
  - {fileID: 4360248306653012}
  m_BlendShapeWeights: []
  m_RootBone: {fileID: 4443621158633944}
  m_AABB:
    m_Center: {x: 0.00007373281, y: -0.0011200532, z: 0.00089126267}
    m_Extent: {x: 0.026868196, y: 0.029719077, z: 0.008024141}
  m_DirtyAABB: 0
--- !u!208 &208679386915258460
NavMeshObstacle:
  m_ObjectHideFlags: 1
  m_PrefabParentObject: {fileID: 0}
  m_PrefabInternal: {fileID: 100100000}
  m_GameObject: {fileID: 1285562875036430}
  m_Enabled: 1
  serializedVersion: 3
  m_Shape: 0
  m_Extents: {x: 0.02, y: 0.028898505, z: 0.02}
  m_MoveThreshold: 0.1
  m_Carve: 0
  m_CarveOnlyStationary: 1
  m_Center: {x: 0, y: 0.02889851, z: 0}
  m_TimeToStationary: 0.5
--- !u!212 &212443301528122208
SpriteRenderer:
  m_ObjectHideFlags: 1
  m_PrefabParentObject: {fileID: 0}
  m_PrefabInternal: {fileID: 100100000}
  m_GameObject: {fileID: 1545439455539246}
  m_Enabled: 1
  m_CastShadows: 0
  m_ReceiveShadows: 0
  m_MotionVectors: 1
  m_LightProbeUsage: 1
  m_ReflectionProbeUsage: 1
  m_Materials:
  - {fileID: 10754, guid: 0000000000000000f000000000000000, type: 0}
  m_StaticBatchInfo:
    firstSubMesh: 0
    subMeshCount: 0
  m_StaticBatchRoot: {fileID: 0}
  m_ProbeAnchor: {fileID: 0}
  m_LightProbeVolumeOverride: {fileID: 0}
  m_ScaleInLightmap: 1
  m_PreserveUVs: 0
  m_IgnoreNormalsForChartDetection: 0
  m_ImportantGI: 0
  m_SelectedEditorRenderState: 0
  m_MinimumChartSize: 4
  m_AutoUVMaxDistance: 0.5
  m_AutoUVMaxAngle: 89
  m_LightmapParameters: {fileID: 0}
  m_SortingLayerID: 0
  m_SortingLayer: 0
  m_SortingOrder: 0
  m_Sprite: {fileID: 21300000, guid: ee5267fedfa44dd49b761cbbfdbd22aa, type: 3}
  m_Color: {r: 1, g: 1, b: 1, a: 1}
  m_FlipX: 0
  m_FlipY: 0
  m_DrawMode: 0
  m_Size: {x: 2.56, y: 2.56}
  m_AdaptiveModeThreshold: 0.5
  m_SpriteTileMode: 0
